

% Is a application that would use the framework created in the thesis.
@inproceedings{swift,
 author = {Reis, George A. and Chang, Jonathan and Vachharajani, Neil and Rangan, Ram and August, David I.},
 title = {SWIFT: Software Implemented Fault Tolerance},
 booktitle = {Proceedings of the International Symposium on Code Generation and Optimization},
 series = {CGO '05},
 year = {2005},
 isbn = {0-7695-2298-X},
 pages = {243--254},
 numpages = {12},
 url = {http://dx.doi.org.proxy.lib.chalmers.se/10.1109/CGO.2005.34},
 doi = {10.1109/CGO.2005.34},
 acmid = {1048991},
 publisher = {IEEE Computer Society},
 address = {Washington, DC, USA},
}


%this might not be nessesary. 
@inproceedings{cfi,
 author = {Abadi, Mart\'{\i}n and Budiu, Mihai and Erlingsson, \'{U}lfar and Ligatti, Jay},
 title = {Control-flow Integrity},
 booktitle = {Proceedings of the 12th ACM Conference on Computer and Communications Security},
 series = {CCS '05},
 year = {2005},
 isbn = {1-59593-226-7},
 location = {Alexandria, VA, USA},
 pages = {340--353},
 numpages = {14},
 url = {http://doi.acm.org.proxy.lib.chalmers.se/10.1145/1102120.1102165},
 doi = {10.1145/1102120.1102165},
 acmid = {1102165},
 publisher = {ACM},
 address = {New York, NY, USA},
 keywords = {binary rewriting, control-flow graph, inlined reference monitors, vulnerabilities},
}

%binary rewriting without relocation information
@article{secondwrite,
  title={Binary rewriting without relocation information},
  author={Smithson, Matthew and Anand, Kapil and Kotha, Aparna and Elwazeer, Khaled and Giles, Nathan and Barua, Rajeev},
  journal={University of Maryland, Tech. Rep},
  year={2010}
}
 

%just a link to rose.
@misc{rose,
author = {Lawrence Livermore National Laboratory},
title = {ROSE compiler infrastructure},
howpublished = {\url{http://rosecompiler.org/}}
}
